01REMESSA01COBRANCA       00000000000004777206DELLAFIORE COMERCIO DE PRODUTO237BRADESCO       161015        MX5111217                                                                                                                                                                                                                                                                                     000001
1000000000000000000000090227500092525                         0002020000000016369700000000002N           0  01000001636920101500000000142320000000001N161015060500000000042700000000000000000000000000000000000000000000000204782864000163PERFUMARIA AMS LTDA ME                  RUA ACAIPE 296 -                        Protestar ap03682040PROTESTAR APOS 5 DIAS DO VENCIMENTO.                        000002
1000000000000000000000090227500092525                         0002020000000016371900000000002N           0  01000001637127101500000000416400000000001N161015060500000000124920000000000000000000000000000000000000000000000206290949000150MAGNUS FIENNE COSMETICOS LTDA EPP       AVENIDA ARQUITETO VILANOVA ARTIGAS 247 -Protestar ap03928240PROTESTAR APOS 5 DIAS DO VENCIMENTO.                        000003
1000000000000000000000090227500092525                         0002020000000016402200000000002N           0  01000001640204111500000000410580000000001N161015060500000000123170000000000000000000000000000000000000000000000207849145000291FARIA E SANCHES COMERCIO DE PERFUMES LTDAVENIDA GETULIO VARGAS 1052 -           Protestar ap09751250PROTESTAR APOS 5 DIAS DO VENCIMENTO.                        000004
1000000000000000000000090227500092525                         0002020000000016405700000000002N           0  01000001640528101500000000161280000000001N161015060500000000048380000000000000000000000000000000000000000000000255119762000101DAVIMED TABOAO DROGARIA LTDA EPP        AVENIDA DO TABOAO 2535 -                Protestar ap09655000PROTESTAR APOS 5 DIAS DO VENCIMENTO.                        000005
1000000000000000000000090227500092525                         0002020000000016406500000000002N           0  01000001640628101500000000184320000000001N161015060500000000055300000000000000000000000000000000000000000000000252287349000150DAVIMED RUDGE DROGARIA LTDA ME          AVENIDA SENADOR VERGUEIRO 5010 -        Protestar ap09604000PROTESTAR APOS 5 DIAS DO VENCIMENTO.                        000006
1000000000000000000000090227500092525                         0002020000000016407300000000002N           0  01000001640719101500000002774400000000001N161015060500000000832320000000000000000000000000000000000000000000000203213325000140P.H.PERFUMARIA LTDA ME                  RUA TIRADENTES 1678 -                   Protestar ap09781220PROTESTAR APOS 5 DIAS DO VENCIMENTO.                        000007
1000000000000000000000090227500092525                         0002020000000016403000000000002N           0  01000001640311111500000000410580000000001N161015060500000000123170000000000000000000000000000000000000000000000207849145000291FARIA E SANCHES COMERCIO DE PERFUMES LTDAVENIDA GETULIO VARGAS 1052 -           Protestar ap09751250PROTESTAR APOS 5 DIAS DO VENCIMENTO.                        000008
9                                                                                                                                                                                                                                                                                                                                                                                                         000009
